<record><leader>00000cas a22000007a 4500</leader><controlfield tag="001">18606981</controlfield><controlfield tag="008">881013d19061906txudr ne      0    0eng d</controlfield><datafield ind1=" " ind2=" " tag="010"><subfield code="a">sn 88084268 </subfield></datafield><datafield ind1=" " ind2=" " tag="040"><subfield code="a">PPM</subfield><subfield code="b">eng</subfield><subfield code="c">PPM</subfield><subfield code="d">OCLCQ</subfield></datafield><datafield ind1=" " ind2=" " tag="042"><subfield code="a">msc</subfield></datafield><datafield ind1="0" ind2=" " tag="130"><subfield code="a">Democrat-gazette (McKinney, Tex. : 1906)</subfield></datafield><datafield ind1="1" ind2="4" tag="245"><subfield code="a">The Democrat-gazette.</subfield></datafield><datafield ind1=" " ind2=" " tag="260"><subfield code="a">McKinney, Tex. :</subfield><subfield code="b">Tom W. Perkins &amp; Walter B. Wilson,</subfield><subfield code="c">1906-1906.</subfield></datafield><datafield ind1=" " ind2=" " tag="310"><subfield code="a">Daily</subfield></datafield><datafield ind1="0" ind2=" " tag="362"><subfield code="a">Vol. 23, no. 25 (July 19, 1906)-v. 23, no. 45 (Dec. 13, 1906).</subfield></datafield><datafield ind1=" " ind2=" " tag="752"><subfield code="a">United States</subfield><subfield code="b">Texas</subfield><subfield code="c">Collin</subfield><subfield code="d">McKinney.</subfield></datafield><datafield ind1="0" ind2="4" tag="780"><subfield code="t">Democrat (McKinney, Tex. : 1884)</subfield><subfield code="w">(DLC)sn 86089835</subfield></datafield><datafield ind1="0" ind2="4" tag="780"><subfield code="t">McKinney gazette</subfield><subfield code="w">(DLC)sn 86089756</subfield></datafield><datafield ind1="0" ind2="0" tag="785"><subfield code="a">Weekly Democrat-gazette</subfield><subfield code="w">(OCoLC)14472896</subfield></datafield></record>